<record><leader>00000cas a22000007a 4500</leader><controlfield tag="001">18114418</controlfield><controlfield tag="008">880621d18821888lauwr ne      0    0eng d</controlfield><datafield ind1=" " ind2=" " tag="010"><subfield code="a">sn 88064503 </subfield></datafield><datafield ind1=" " ind2=" " tag="040"><subfield code="a">LNP</subfield><subfield code="b">eng</subfield><subfield code="c">LNP</subfield><subfield code="d">OCLCQ</subfield></datafield><datafield ind1=" " ind2=" " tag="042"><subfield code="a">msc</subfield></datafield><datafield ind1="0" ind2="4" tag="245"><subfield code="a">The East Carroll Democrat.</subfield></datafield><datafield ind1=" " ind2=" " tag="260"><subfield code="a">Lake Providence, East Carroll Parish, La. :</subfield><subfield code="b">J.N. Turner</subfield></datafield><datafield ind1=" " ind2=" " tag="300"><subfield code="a">v.</subfield></datafield><datafield ind1=" " ind2=" " tag="310"><subfield code="a">Weekly</subfield></datafield><datafield ind1="1" ind2=" " tag="362"><subfield code="a">Began in 1882; ceased in 1888?</subfield></datafield><datafield ind1=" " ind2=" " tag="588"><subfield code="a">Description based on: Vol. 2, no. 1 (May 5, 1883).</subfield></datafield><datafield ind1=" " ind2="4" tag="651"><subfield code="a">Lake Providence (La.)</subfield><subfield code="v">Newspapers.</subfield></datafield><datafield ind1=" " ind2=" " tag="752"><subfield code="a">United States</subfield><subfield code="b">Louisiana</subfield><subfield code="c">East Carroll</subfield><subfield code="d">Lake Providence.</subfield></datafield></record>